@misc{lolmap,
  author={unknown},
  year={2014},
  title = {Unmodified League of Legends map},
  howpublished = {\url{http://www.surrenderat20.net/p/summoners-rift-update-preview.html}},
  note = {Accessed: 11$^{th}$ of May, 2015},
}

@misc{sparkcluster,
author={Apache Spark},
year={2015},
title={Cluster Mode Overview},
howpublished={\url{https://spark.apache.org/docs/latest/cluster-overview.html}},
note={Accessed: 27$^{th}$ of April, 2015},
}

@misc{sparkintro,
author={Apache Spark},
year={2015},
title={Spark Overview},
howpublished={\url{https://spark.apache.org/docs/latest/index.html}},
note={Accessed: 27$^{th}$ of April, 2015},
}

@article{hadoopIntro,
author={Hanson, Jeffrey},
title={An introduction to the Hadoop Distributed File System},
journal={IBM's homepage},
year=2011,
url={http://www.ibm.com/developerworks/library/wa-introhdfs/},
publisher={IBM},
} 

@article{DeanMapReduce,
 author = {Dean, Jeffrey and Ghemawat, Sanjay},
 title = {MapReduce: Simplified Data Processing on Large Clusters},
 journal = {Commun. ACM},
 issue_date = {January 2008},
 volume = {51},
 number = {1},
 month = jan,
 year = {2008},
 issn = {0001-0782},
 pages = {107--113},
 numpages = {7},
 url = {http://doi.acm.org/10.1145/1327452.1327492},
 doi = {10.1145/1327452.1327492},
 acmid = {1327492},
 publisher = {ACM},
 address = {New York, NY, USA},
} 

@book{WhiteHadoop,
   author = {White, Tom},
   title = {Hadoop : the definitive guide},
   booktitle = {Hadoop : the definitive guide},
   language = {English},
   year = {2010},
   isbn = {978-1-4493-8973-4},
   url = {http://sfx.aub.aau.dk/sfxaub?rft.eisbn=9781449396992&ctx\%5fenc=info:ofi/enc:UTF-8&vid=main&rft.isbn=9781449389734&rft.artnum=&ctx\%5fver=Z39.88-2004&url\%5fctx\%5ffmt=info:ofi/fmt:kev:mtx:ctx&rft.spage=&rft.issue=&rft.ssn=&rft.auinit1=&rft.date=2010&rft\%5fval\%5ffmt=info:ofi/fmt:kev:mtx:book&rft.coden=&rft.aulast=White&rft.volume=&rft.quarter=&rft.part=&rft.auinit=&rft.issn=&rft\%5fid=info:doi/&rft\%5fid=info:oai/>&ctx\%5ftim=2015-02-18T13:45:04IST&rft.pages=&rft.eissn=&svc.fulltext=yes&rft.epage=&rfr\%5fid=info:sid/primo.exlibrisgroup.com:primo3-Article-ebl&rft.au=White,+Tom&svc\%5fval\%5ffmt=info:ofi/fmt:kev:mtx:sch\%5fsvc&url\%5fver=Z39.88-2004&rft.atitle=&rft.jtitle=&rft.ausuffix=&rft.sici=&svc.holdings=yes&rft.local\%5fattribute=primo\%5ffulltext&rft.genre=book&req.language=dan&rft.aucorp=&rft\%5fdat=<ebl>EBL590867</ebl><grp\%5fid>6641001557184904765</grp\%5fid><oa></oa>&rft.btitle=Hadoop&rft.object\%5fid=&rft.auinitm=}
}

@book{AI2010,
   author = {David L. Poole, Alan K. MackWorth},
   title = {Artificial Intelligence: Foundations of Computational Agents},
   booktitle = {Artificial Intelligence: Foundations of Computational Agents},
   language = {English},
   year = {2010},
   publisher = {Cambridge University Press},
   isbn = {978-0-521-51900-7},  
} 

@book{Bishop2006,
   author = {Christopher M. Bishop},
   title = {Pattern Recognition and Machine Learning},
   booktitle = {Pattern Recognition and Machine Learning},
   language = {English},
   year = {2006},
   publisher = {Springer Science+Business Media},
   isbn = {978-0387-31073-2},  
}

@inproceedings{ApacheSpark,
 author = {Zaharia, Matei and Chowdhury, Mosharaf and Franklin, Michael J. and Shenker, Scott and Stoica, Ion},
 title = {Spark: Cluster Computing with Working Sets},
 booktitle = {Proceedings of the 2Nd USENIX Conference on Hot Topics in Cloud Computing},
 series = {HotCloud'10},
 year = 2010,
 location = {Boston, MA},
 pages = {10--10},
 numpages = 1,
 url = {http://dl.acm.org/citation.cfm?id=1863103.1863113},
 acmid = 1863113,
 publisher = {USENIX Association},
 address = {Berkeley, CA, USA},
}

@article{SparkBest,
   author = {Unknown},
   title = {Apache Spark Beats the World Record for Fastest Processing of Big Data.},
   language = {English},
   year = {2014},
   url = {http://sfx.aub.aau.dk/sfxaub?rft.genre=article&rft.aucorp=&req.language=dan&rft.btitle=&rft\%5c\%5fdat=<gale\%5c\%5fofg>385218654</gale\%5c\%5fofg><grp\%5c\%5fid>-8615611766107266712</grp\%5c\%5fid><oa></oa>&rft.auinitm=&rft.object\%5c\%5fid=&rft.eissn=&svc.fulltext=yes&rft.jtitle=Internet+Wire&rft.atitle=Apache+Spark+Beats+the+World+Record+for+Fastest+Processing+of+Big+Data.&svc\%5c\%5fval\%5c\%5ffmt=info:ofi/fmt:kev:mtx:sch\%5c\%5fsvc&url\%5c\%5fver=Z39.88-2004&rft.au=&rfr\%5c\%5fid=info:sid/primo.exlibrisgroup.com:primo3-Article-gale\%5c\%5fofg&rft.epage=&rft.local\%5c\%5fattribute=primo\%5c\%5ffulltext&svc.holdings=yes&rft.sici=&rft.ausuffix=&rft.part=&rft.auinit=&rft.quarter=&rft.volume=&rft.aulast=&rft\%5c\%5fid=info:doi/&rft\%5c\%5fid=info:oai/>&rft.issn=&rft.pages=&ctx\%5c\%5ftim=2015-02-18T13:50:35IST&ctx\%5c\%5fenc=info:ofi/enc:UTF-8&rft.eisbn=&rft.isbn=&vid=main&rft.date=20141010&rft.ssn=&rft.spage=&rft.auinit1=&rft.issue=&rft.artnum=&url\%5c\%5fctx\%5c\%5ffmt=info:ofi/fmt:kev:mtx:ctx&ctx\%5c\%5fver=Z39.88-2004&rft.coden=&rft\%5c\%5fval\%5c\%5ffmt=info:ofi/fmt:kev:mtx:journal}
}

@INPROCEEDINGS{HDFS, 
  author={Shvachko, K. and Hairong Kuang and Radia, S. and Chansler, R.}, 
  booktitle={Mass Storage Systems and Technologies (MSST), 2010 IEEE 26th Symposium on}, 
  title={The Hadoop Distributed File System}, 
  year={2010}, 
  month={May}, 
  pages={1-10}, 
  keywords={Internet;distributed databases;network operating systems;Hadoop distributed file system;Yahoo!;data storage;data stream;enterprise data;Bandwidth;Clustering algorithms;Computer architecture;Concurrent computing;Distributed computing;Facebook;File servers;File systems;Protection;Protocols;HDFS;Hadoop;distributed file system}, 
doi={10.1109/MSST.2010.5496972},
}


@article{ApacheCassandra,
 author = {Lakshman, Avinash and Malik, Prashant},
 title = {Cassandra: A Decentralized Structured Storage System},
 journal = {SIGOPS Oper. Syst. Rev.},
 issue_date = {April 2010},
 volume = {44},
 number = {2},
 month = apr,
 year = {2010},
 issn = {0163-5980},
 pages = {35--40},
 numpages = {6},
 url = {http://doi.acm.org/10.1145/1773912.1773922},
 doi = {10.1145/1773912.1773922},
 acmid = {1773922},
 publisher = {ACM},
 address = {New York, NY, USA},
}

@inproceedings{ApacheHadoopYARN,
 author = {Vavilapalli, Vinod Kumar and Murthy, Arun C. and Douglas, Chris and Agarwal, Sharad and Konar, Mahadev and Evans, Robert and Graves, Thomas and Lowe, Jason and Shah, Hitesh and Seth, Siddharth and Saha, Bikas and Curino, Carlo and O'Malley, Owen and Radia, Sanjay and Reed, Benjamin and Baldeschwieler, Eric},
 title = {Apache Hadoop YARN: Yet Another Resource Negotiator},
 booktitle = {Proceedings of the 4th Annual Symposium on Cloud Computing},
 series = {SOCC '13},
 year = {2013},
 isbn = {978-1-4503-2428-1},
 location = {Santa Clara, California},
 pages = {5:1--5:16},
 articleno = {5},
 numpages = {16},
 url = {http://doi.acm.org/10.1145/2523616.2523633},
 doi = {10.1145/2523616.2523633},
 acmid = {2523633},
 publisher = {ACM},
 address = {New York, NY, USA},
} 

@misc{courseraAI,
author={Andrew Ng},
year={2014},
title={Machine Learning},
howpublished={\url{https://class.coursera.org/ml-006/lecture}},
note={Accessed: 26$^{th}$ of March, 2015},
}


@misc{LoLmostplayed,
author={statista.com},
year={2015},
title={Most played PC games on gaming platform Raptr in January 2015, by share of playing time},
howpublished={\url{http://www.statista.com/statistics/251222/most-played-pc-games/}},
note={Accessed: 22$^{nd}$ of Februray, 2015},
}

@misc{LoL27mill,
author={Riot games},
year={2015},
title={Our Games},
howpublished={\url{http://www.forbes.com/sites/insertcoin/2014/01/27/riots-league-of-legends-reveals-astonishing-27-million-daily-players-67-million-monthly/}},
note={Accessed: 22$^{nd}$ of Februray, 2015},
}

@misc{LoLparameters,
author={Riot games},
year={2015},
title={Api documentation - full api reference},
howpublished={\url{https://developer.riotgames.com/api/methods}},
note={Accessed: 22$^{nd}$ of Februray, 2015},
}

@misc{dota2article,
author={Riot games},
year={2013},
title={How Does He Saw Me? A Recommendation Engine for Picking Heroes in Dota 2},
howpublished={\url{http://cs229.stanford.edu/proj2013/PerryConley-HowDoesHeSawMeARecommendationEngineForPickingHeroesInDota2.pdf}},
note={Accessed: 22$^{nd}$ of Februray, 2015},
}

@misc{lolprize,
title={League of Legends 2014 World Championship Prize Pool Is Over \$2 Million},
howpublished={\url{http://www.gamespot.com/articles/league-of-legends-2014-world-championship-prize-po/1100-6421557}},
author={Zorine Te},
year={2014},
note={Accessed: 11$^{th}$ of May, 2015}
}

@misc{supermario,
title={Machine Learning Agents for Playing Super Mario Bros},
howpublished={\url{http://www.cs.ou.edu/~amy/courses/cs5033_fall2009/Mullen_Southerland.pdf}},
author={J. Mullen, J. Southerland},
year={2009},
note={Accessed: 11$^{th}$ of May, 2015}
}

@inproceedings{Park:2012:PES:2425296.2425298,
 author = {Park, Hyunsoo and Cho, Ho-Chul and Lee, KwangYeol and Kim, Kyung-Joong},
 title = {Prediction of Early Stage Opponents Strategy for StarCraft AI Using Scouting and Machine Learning},
 booktitle = {Proceedings of the Workshop at SIGGRAPH Asia},
 series = {WASA '12},
 year = {2012},
 isbn = {978-1-4503-1835-8},
 location = {Singapore, Singapore},
 pages = {7--12},
 numpages = {6},
 url = {http://doi.acm.org/10.1145/2425296.2425298},
 doi = {10.1145/2425296.2425298},
 acmid = {2425298},
 publisher = {ACM},
 address = {New York, NY, USA},
 keywords = {StarCraft, artificial intelligence, game AI, machine learning, scouting, strategy prediction},
} 
